<?xml version="1.0" encoding="UTF-8"?><collection xmlns="http://www.loc.gov/MARC21/slim"><record><leader>00516nam--2200181-u-4500</leader><controlfield tag="001">000053157</controlfield><controlfield tag="002">20161230</controlfield><controlfield tag="005">20161230201051</controlfield><controlfield tag="008">110110s1000------------r-----000-0-eng-d</controlfield><datafield ind1=" " ind2=" " tag="040"><subfield code="a">IFIN-HH</subfield></datafield><datafield ind1=" " ind2=" " tag="080"><subfield code="a">539.144(043)</subfield></datafield><datafield ind1="1" ind2=" " tag="100"><subfield code="a">Iftimia, Ileana</subfield></datafield><datafield ind1="1" ind2="0" tag="245"><subfield code="a">Studii de structura nucleara in zona de nuclee cu n=80</subfield><subfield code="b">Teza</subfield><subfield code="c">Ileana iftimia</subfield></datafield><datafield ind1=" " ind2=" " tag="260"><subfield code="a">Bucuresti</subfield><subfield code="b">Ifa</subfield><subfield code="c">1999</subfield></datafield><datafield ind1=" " ind2=" " tag="300"><subfield code="a">166P</subfield></datafield><datafield ind1=" " ind2=" " tag="502"><subfield code="a">Conducator Stiintific: Dr. Emilian Dragulescu</subfield></datafield><datafield ind1=" " ind2=" " tag="852"><subfield code="a">81041</subfield><subfield code="c">539.141</subfield></datafield><datafield ind1=" " ind2=" " tag="CAT"><subfield code="a">Sys</subfield><subfield code="c">20110110</subfield><subfield code="h">102619</subfield></datafield></record></collection>